@article{abelson2024bugs,
  title={Bugs in our pockets: The risks of client-side scanning},
  author={Abelson, Harold and Anderson, Ross and Bellovin, Steven M and Benaloh, Josh and Blaze, Matt and Callas, Jon and Diffie, Whitfield and Landau, Susan and Neumann, Peter G and Rivest, Ronald L and others},
  journal={Journal of Cybersecurity},
  volume={10},
  number={1},
  pages={tyad020},
  year={2024},
  url={https://www.researchgate.net/publication/355233857_Bugs_in_our_Pockets_The_Risks_of_Client-Side_Scanning},
  publisher={Oxford University Press}
}

@inproceedings{steinebach2023analysis,
  title={An analysis of photodna},
  author={Steinebach, Martin},
  booktitle={Proceedings of the 18th International Conference on Availability, Reliability and Security},
  pages={1--8},
  year={2023},
  url={https://dl.acm.org/doi/abs/10.1145/3600160.3605048}
}


@misc{prokos2021squint,
      author = {Jonathan Prokos and Tushar M.  Jois and Neil Fendley and Roei Schuster and Matthew Green and Eran Tromer and Yinzhi Cao},
      title = {Squint Hard Enough: Evaluating Perceptual Hashing with Machine Learning},
      howpublished = {Cryptology ePrint Archive, Paper 2021/1531},
      year = {2021},
      note = {\url{https://eprint.iacr.org/2021/1531}},
      url = {https://eprint.iacr.org/2021/1531}
}

@legal{ePrivacy,
  title         = {Directive on privacy and electronic communications},
  type          = {Directive},
  number        = {2002/58/EC},
  organization  = {European Union},
  howpublished  = {Official Journal of the European Union},
  date          = {12 July 2002},
  url           = {https://eur-lex.europa.eu/legal-content/EN/TXT/PDF/?uri=CELEX:02002L0058-20091219},
  urldate       = {2024-08-03},
}

@legal{GDPR,
  title         = {General Data Protection Regulation},
  type          = {Regualtion},
  number        = {2016/679},
  organization  = {European Union},
  howpublished  = {Official Journal of the European Union},
  date          = {27 April 2016},
  url           = {https://eur-lex.europa.eu/legal-content/EN/TXT/PDF/?uri=CELEX:02016R0679-20160504},
  urldate       = {2024-08-01},
}

@legal{interim_regualtion,
  title         = {Regulation on Temporary Derogation from Certain Provisions of the ePrivacy Directive for the Purpose of Combatting Child Sexual Abuse Online},
  type          = {Regualtion},
  number        = {2021/1232},
  organization  = {European Union},
  howpublished  = {Official Journal of the European Union},
  date          = {14 July 2021},
  url           = {https://eur-lex.europa.eu/legal-content/EN/TXT/PDF/?uri=CELEX:02021R1232-20240515},
  urldate       = {2024-08-03},
}

@legal{eu_charter_fundamental_rights,
  title         = {Charter of Fundamental Rights of the European Union},
  type          = {Charter},
  number        = {2012/C 326/02},
  organization  = {European Union},
  howpublished  = {Official Journal of the European Union},
  date          = {2012-10-26},
  url           = {https://eur-lex.europa.eu/legal-content/EN/TXT/PDF/?uri=CELEX:12012P/TXT},
  urldate       = {2024-08-04},
}

@legal{echr,
  title         = {European Convention on Human Rights},
  type          = {Convention},
  organization  = {Council of Europe},
  howpublished  = {Official Journal of the European Union},
  date          = {1950-11-04},
  url           = {https://www.echr.coe.int/Documents/Convention_ENG.pdf},
  urldate       = {2024-08-05},
}

@legal{teu,
  title         = {Treaty on European Union},
  type          = {Treaty},
  organization  = {European Union},
  howpublished  = {Official Journal of the European Union},
  date          = {2012-10-26},
  url           = {https://eur-lex.europa.eu/legal-content/EN/TXT/?uri=CELEX%3A12012M%2FTXT},
  urldate       = {2024-08-05},
}

@INPROCEEDINGS{Bours,
  author={Bours, Patrick and Kulsrud, Halvor},
  booktitle={2019 IEEE International Workshop on Information Forensics and Security (WIFS)}, 
  title={Detection of Cyber Grooming in Online Conversation}, 
  year={2019},
  volume={},
  number={},
  pages={1-6},
  keywords={Support vector machines;Feature extraction;Technological innovation;Training;White spaces;Dictionaries;Neural networks},
  doi={10.1109/WIFS47025.2019.9035090}}

@article{LEE2020301022,
title = {Detecting child sexual abuse material: A comprehensive survey},
journal = {Forensic Science International: Digital Investigation},
volume = {34},
pages = {301022},
year = {2020},
issn = {2666-2817},
doi = {https://doi.org/10.1016/j.fsidi.2020.301022},
url = {https://www.sciencedirect.com/science/article/pii/S2666281720301554},
author = {Hee-Eun Lee and Tatiana Ermakova and Vasilis Ververis and Benjamin Fabian},
keywords = {Child sexual abuse material, CSAM, Online crime detection, Social analysis of technology},
}

@article{VITORINO2018303,
title = {Leveraging deep neural networks to fight child pornography in the age of social media},
journal = {Journal of Visual Communication and Image Representation},
volume = {50},
pages = {303-313},
year = {2018},
issn = {1047-3203},
doi = {https://doi.org/10.1016/j.jvcir.2017.12.005},
url = {https://www.sciencedirect.com/science/article/pii/S1047320317302377},
author = {Paulo Vitorino and Sandra Avila and Mauricio Perez and Anderson Rocha},
keywords = {Child pornography, SEIC content, Deep learning, Transfer learning, Fine tuning},
}

@article{CASTRILLONSANTANA201810,
title = {Evaluation of local descriptors and CNNs for non-adult detection in visual content},
journal = {Pattern Recognition Letters},
volume = {113},
pages = {10-18},
year = {2018},
note = {Integrating Biometrics and Forensics},
issn = {0167-8655},
doi = {https://doi.org/10.1016/j.patrec.2017.03.016},
url = {https://www.sciencedirect.com/science/article/pii/S0167865517300922},
author = {Modesto Castrillón-Santana and Javier Lorenzo-Navarro and Carlos M. Travieso-González and David Freire-Obregón and Jesús B. Alonso-Hernández},
keywords = {Local descriptors, CNNs, Age estimation, Score level fusion},
}

@misc{eu2023chatcontrol,
  author       = {{European Commission}},
  title        = {Proposal for a Regulation of the European Parliament and of the Council laying down rules to prevent and combat child sexual abuse},
  howpublished = {European Commission},
  year         = 2023,
  note         = {COM(2023) XXX final},
  url          = {https://ec.europa.eu/info/law/better-regulation/have-your-say/initiatives/12726-Fighting-child-sexual-abuse-detection-removal-and-reporting-of-illegal-content-online_en},
  urldate      = {2024-08-06}
}

@misc{eu2020onlinechildabuse,
  author       = {{European Parliament}},
  title        = {Curbing the surge in online child abuse: The dual role of digital technology in fighting and facilitating its proliferation},
  howpublished = {European Parliament},
  year         = 2020,
  url          = {https://www.europarl.europa.eu/RegData/etudes/BRIE/2020/659360/EPRS_BRI(2020)659360_EN.pdf},
  urldate      = {2024-08-09}
}

@misc{eu2022impact,
  author       = {{European Commission}},
  title        = {IMPACT ASSESSMENT REPORT Accompanying the document Proposal for a REGULATION OF THE EUROPEAN PARLIAMENT AND OF THE COUNCIL laying down rules to prevent and combat child sexual abuse},
  howpublished = {European Commission},
  year         = 2022,
  url          = {https://eur-lex.europa.eu/legal-content/EN/TXT/PDF/?uri=CELEX:52022SC0209},
  urldate      = {2024-08-10}
}

@misc{eu2023impact,
  author       = {{European Parliament}},
  title        = {Proposal for a regulation laying down the rules to prevent and combat child sexual abuse Complementary impact assessment},
  howpublished = {European Parliament},
  year         = 2023,
  url          = {https://www.europarl.europa.eu/RegData/etudes/STUD/2023/740248/EPRS_STU(2023)740248_EN.pdf},
  urldate      = {2024-08-11}
}

@misc{SandO,
  author       = {V. Fulber-Garcia, M. Aibin},
  title        = {Understanding Security by Obscurity},
  year         = 2024,
  url          = {https://www.baeldung.com/cs/security-by-obscurity},
  urldate      = {2024-08-10}
}

@misc{Thorn,
  author       = {Thorn},
  title        = {How Thorn's CSAM classifier uses artificial intelligence to build a safer internet},
  year         = 2023,
  url          = {https://www.thorn.org/blog/how-thorns-csam-classifier-uses-artificial-intelligence-to-build-a-safer-internet/},
  urldate      = {2024-08-10}
}

@misc{Joint,
  author       = {European Data Protection Board},
  title        = {EDPB-EDPS Joint Opinion 04/2022 on the Proposal for a Regulation of the European Parliament and of the Council laying down rules to prevent and combat child sexual abuse},
  year         = 2022,
  url          = {https://www.edpb.europa.eu/system/files/2022-07/edpb_edps_jointopinion_202204_csam_en_0.pdf},
  urldate      = {2024-08-10}
}

@misc{big_brother,
  author       = {European Court of Human Rights},
  title        = {CASE OF BIG BROTHER WATCH AND OTHERS v. THE UNITED KINGDOM},
  year         = 2021,
  url          = {https://hudoc.echr.coe.int/eng#{%22itemid%22:[%22001-210077%22]}},
  urldate      = {2024-08-11}
}

@misc{telecom,
  author       = {European Court of Human Rights},
  title        = {CASE OF BREYER v. GERMANY},
  year         = 2020,
  url          = {https://hudoc.echr.coe.int/eng#{%22itemid%22:[%22001-200442%22]}},
  urldate      = {2024-08-12}
}

@misc{Hungary,
  author       = {European Court of Human Rights},
  title        = {CASE OF SZABÓ AND VISSY v. HUNGARY},
  year         = 2016,
  url          = {https://hudoc.echr.coe.int/eng#{%22itemid%22:[%22001-160020%22]}},
  urldate      = {2024-08-12}
}

@misc{Grand_chamber,
  author       = {Grand Chamber of the European Court of Human Rights},
  title        = {Judgment of the Court (Grand Chamber) of 6 October 2020. La Quadrature du Net and Others v Premier ministre and Others.},
  year         = 2020,
  url          = {https://eur-lex.europa.eu/legal-content/EN/TXT/PDF/?uri=CELEX:62018CJ0511},
  urldate      = {2024-08-14}
}

@misc{effects,
  author       = {Patrick Breyer},
  title        = {Chat control: New EU government attempt to bulk search private messages and destroy secure end-to-end encryption},
  year         = 2024,
  url          = {https://www.patrick-breyer.de/en/chat-control-new-eu-government-attempt-to-bulk-search-private-messages-and-destroy-secure-end-to-end-encryption/},
  urldate      = {2024-08-17}
}